@article{acemoglu_theory,
  keywords = {primary},
  author = {Acemoglu, Daron and Robinson, James C.},
  title = {A Theory of Political Transitions}
}
@book{bowles_microeconomics,
  keywords = {primary},
  author={Bowles, Samuel}, title={Microeconomics}
}
@article{dedeo_bayesian,
  keywords = {primary},
  author={DeDeo, Simon},
  title={Bayesian Reasoning for Intelligent People},
  url={http://tuvalu.santafe.edu/~simon/br.pdf}
}
@book{gintis_game_theory,
  keywords = {secondary},
  author={Gintis, Herbert},
  title={Game Theory Evolved}
}
@book{mccarty_political_game_theory,
  keywords = {primary},
  author={McCarty, Nolan and Meirowitz, Adam},
  title={Political Game Theory: An Introduction}
}
@book{roemer_free_to_lose,
  keywords = {primary},
  author = {Roemer, John},
  title={Free to Lose}
}
@book{schelling_micromotives,
  keywords = {secondary},
  author = {Schelling, Thomas C.},
  title = {Micromotives and Macrobehavior}
}